@ARTICLE {lions,
	author  = "Michael G. Crandall and Pierre-Louis Lions",
	title   = "Viscosity solutions of Hamilton-Jacobi equations",
	journal = "Trans. Amer. Math. Soc. 277 (1983), 1-42",
	year    = "1983"
}

@MSCTHESIS {yong,
	author = "Yong Chul Ju",
	title  = "Hamilton-Jacobi Equations for Computer Vision: Application in Shape from Shading",
	school = "SAARLAND UNIVERSITY FACULTY OF NATURAL SCIENCE AND TECHNOLOGY I DEPARTMENT OF COMPUTER SCIENCE",
	year   = "2010"
}

@ARTICLE {rouy,
	author  = "Elisabeth Rouy and Agn`es Tourin",
	title   = "A viscosity solutions approach to Shape-from- Shading",
	journal = "SIAM Journal on Numerical Analysis",
	year    = "1992",
	pages   = "867-884"
}

@ARTICLE{sethian,
	author = "James Sethian",
	title = "Theory, Algorithms, and Applications of Level Set Methods for Propagating Interfaces",
	journal = "Acta Numerica",
	year = "15 August 1995"
}
@ARTICLE{prados,
	author = "Emmanuel Prados, Olivier Faugeras.",
	title = "Shape From Shading.",
	journal = "Handbook of Mathematical Models in Computer Vision, Springer",
	year = "21 April 2009",
	pages = "375-388"
}