@ARTICLE{prados,
	author = "Emmanuel Prados, Olivier Faugeras, Fabio Camilli",
	title = "Shape From Shading: A well posed problem?",
	journal = "RR-5297 INRIA",
	year = "2004",
}