@BOOK {horn,
	author    = "B.K.P Horn",
	title     = "Robot Vision",
	publisher = "McGraw Hill Book Company",
	year      = "1986"
}
@ARTICLE {prados1,
	author  = "Emmanuel Prados \& Olivier Faugeras",
	title   = "Shape from Shading",
	journal = "Handbook of Mathematical Models in Computer Vision",
	year    = "2006",
	pages   = "375-388"
}
@TECHREPORT {prados2,
	author      = "Emmanuel Prados, Olivier Faugeras, Fabio Camilli",
	title       = "Shape from Shading : A well posed Problem",
	institution = "INIRIA",
	year        = "2004"
}
@BOOKLET {hadamard,
	title        = "Lectures on Cauchy Problem in Linear Partial Differential Equations.",
	author       = "Jacques Hadamard",
	howpublished = "Yale University Press",
	year         = "1923"
}
@MISC {ham1,
	author = "William Rowan Hamilton",
	title  = "On a GeneralMethod of Expressing the Paths of Light, and of the Planets, by the Coefficients of a Characteristic Function",
	year   = "1833"
}
@MISC {ham2,
	author = "William Rowan Hamilton",
	title  = "On the Application to Dynamics of a GeneralMathematical Method previously Applied to Optics",
	year   = "1834"
}
@MISC {lax,
	author       = "Survey of the stability of linear finite difference equations",
	title        = "Peter David Lax and Robert Davis Richtmyer",
	howpublished = "Communications on Pure and Applied Mathematics"
}
@ARTICLE {lions,
	author  = "Michael G. Crandall and Pierre-Louis Lions",
	title   = "Viscosity solutions of Hamilton-Jacobi equations",
	journal = "Trans. Amer. Math. Soc. 277 (1983), 1-42",
	year    = "1983"
}
@MSCTHESIS {yong,
	author = "Yong Chul Ju",
	title  = "Hamilton-Jacobi Equations for Computer Vision: Application in Shape from Shading",
	school = "SAARLAND UNIVERSITY FACULTY OF NATURAL SCIENCE AND TECHNOLOGY I DEPARTMENT OF COMPUTER SCIENCE",
	year   = "2010"
}
@MISC {ZIA,
	author = "R. K. P. Zia, Edward F. Redish, and Susan R. McKay",
	title  = "Making Sense of the Legendre Transform"
}
@ARTICLE {bap,
	author  = "Jean-Baptiste Hiriart-Urruty and Claude Lemar´echal",
	title   = "Convex Analysis and Minimization Algorithms I",
	journal = "Grundlehren der Mathematischen Wissenschaften, Springer",
	volume  = "305",
	pages   = "1996"
}
@ARTICLE {ishii,
	author  = "Hitoshi Ishii.",
	title   = "A boundary value problem of the Dirichlet type forHamilton-Jacobi equations",
	journal = "Annali della Scuola Normale Superiore di Pisa - Classe di Scienze",
	year    = "1989",
	pages   = "105-135"
}
@ARTICLE {prad,
	author  = "Emmanuel Prados and Olivier D. Faugeras",
	title   = "Unifying Approaches and Removing Unrealistic Assumptions in Shape from Shading: Mathematics Can Help",
	journal = "ECCV04",
	year    = "2004"
}
@TECHREPORT {prad2,
	author      = "Emmanuel Prados and Oliver Faugeras",
	title       = "A mathematical and algorithmic study of the Lambertian SFS problem for orthographic and pinhole cameras",
	institution = "INRIA",
	year        = "2003",
	month       = "nov"
}
@ARTICLE {rouy,
	author  = "Elisabeth Rouy and Agn`es Tourin",
	title   = "A viscosity solutions approach to Shape-from- Shading",
	journal = "SIAM Journal on Numerical Analysis",
	year    = "1992",
	pages   = "867-884"
}
@BOOKLET {leve,
	title  = "Numerical Methods for Conservation Laws",
	author = "Randall J. Leveque"
}
@BOOKLET {gowda,
	title  = "Hyperbolic Conservation Laws, Theory and Numerics",
	author = "G.D.Veerappa Gowda"
}
@ARTICLE {pesk,
	author  = "Charles S. Peskin",
	title   = "The immersed boundary method",
	journal = "Acta Numerica (2002)",
	year    = "2002",
	pages   = "479–517"
}